<collection xmlns="http://www.loc.gov/MARC21/slim">
<record>
  <leader>04658nam0a2200805 i 450 </leader>
  <controlfield tag="001">IT\ICCU\CNCE\010242</controlfield>
  <controlfield tag="005">20050325000000.0</controlfield>
  <datafield tag="012" ind1=" " ind2=" ">
    <subfield code="a">F.m- 88li emo- Pisu (3) 1586 (R)</subfield>
    <subfield code="2">fei</subfield>
  </datafield>
  <datafield tag="100" ind1=" " ind2=" ">
    <subfield code="a">19970101d1586        0itac0103    ba</subfield>
  </datafield>
  <datafield tag="101" ind1=" " ind2=" ">
    <subfield code="a">ITA</subfield>
  </datafield>
  <datafield tag="102" ind1=" " ind2=" ">
    <subfield code="a">IT</subfield>
  </datafield>
  <datafield tag="200" ind1="1" ind2=" ">
    <subfield code="a">Vita del gloriosissimo papa Pio quinto scritta da Girolamo Catena . Con una raccolta di lettere di Pio V a diuersi principi, &amp; le risposte  con altri particolari. E i nomi delle galee, et di capitani, ...</subfield>
  </datafield>
  <datafield tag="210" ind1=" " ind2=" ">
    <subfield code="a">In Roma</subfield>
    <subfield code="d">1586</subfield>
    <subfield code="e">In Roma</subfield>
    <subfield code="g">nella stamperia de Vincenzo Accolti</subfield>
    <subfield code="h">1586</subfield>
  </datafield>
  <datafield tag="215" ind1=" " ind2=" ">
    <subfield code="a">\36!, 329, \1! p.</subfield>
    <subfield code="c">1 ritr. calcogr.</subfield>
    <subfield code="d">4ʻ</subfield>
  </datafield>
  <datafield tag="620" ind1=" " ind2=" ">
    <subfield code="a">IT</subfield>
    <subfield code="d">Roma</subfield>
  </datafield>
  <datafield tag="700" ind1=" " ind2="1">
    <subfield code="a">Catena,</subfield>
    <subfield code="b">Girolamo</subfield>
    <subfield code="3">IT\ICCU\CNCA\002813</subfield>
  </datafield>
  <datafield tag="702" ind1=" " ind2="0">
    <subfield code="a">Pius</subfield>
    <subfield code="c"> &lt;papa</subfield>
    <subfield code="c"> ; 5.&gt;</subfield>
    <subfield code="3">IT\ICCU\CNCA\000062</subfield>
  </datafield>
  <datafield tag="712" ind1="0" ind2="0">
    <subfield code="a">Accolti, Vincenzo</subfield>
    <subfield code="3">IT\ICCU\CNCT\000270</subfield>
    <subfield code="4">650</subfield>
  </datafield>
  <datafield tag="790" ind1=" " ind2="1">
    <subfield code="a">Ghislieri,</subfield>
    <subfield code="b">Antonio</subfield>
    <subfield code="3">IT\ICCU\CNCA\014134</subfield>
    <subfield code="z">Pius &lt;papa ; 5.&gt;</subfield>
  </datafield>
  <datafield tag="790" ind1=" " ind2="1">
    <subfield code="a">Ghislieri,</subfield>
    <subfield code="b">Michele</subfield>
    <subfield code="3">IT\ICCU\CNCA\018608</subfield>
    <subfield code="z">Pius &lt;papa ; 5.&gt;</subfield>
  </datafield>
  <datafield tag="790" ind1=" " ind2="1">
    <subfield code="a">Ghisleri,</subfield>
    <subfield code="b">Antonio</subfield>
    <subfield code="3">IT\ICCU\CNCA\018609</subfield>
    <subfield code="z">Pius &lt;papa ; 5.&gt;</subfield>
  </datafield>
  <datafield tag="791" ind1="0" ind2="0">
    <subfield code="a">Accoltus, Vincentius</subfield>
    <subfield code="3">IT\ICCU\CNCT\004218</subfield>
    <subfield code="z">Accolti, Vincenzo</subfield>
  </datafield>
  <datafield tag="791" ind1="0" ind2="2">
    <subfield code="a">℗in aedibus ℗Accoltianis</subfield>
    <subfield code="3">IT\ICCU\CNCT\004273</subfield>
    <subfield code="z">Accolti, Vincenzo</subfield>
  </datafield>
  <datafield tag="801" ind1=" " ind2="3">
    <subfield code="a">IT</subfield>
    <subfield code="b">ICCU</subfield>
    <subfield code="c">20201113</subfield>
  </datafield>
  <datafield tag="899" ind1=" " ind2=" ">
    <subfield code="a">Biblioteca citt ̉di Arezzo. Arezzo</subfield>
    <subfield code="1">AR0070</subfield>
    <subfield code="2">RT1 QA</subfield>
  </datafield>
  <datafield tag="899" ind1=" " ind2=" ">
    <subfield code="a">Biblioteca civica A. Mai. Bergamo</subfield>
    <subfield code="1">BG0026</subfield>
    <subfield code="2">LO1 02</subfield>
  </datafield>
  <datafield tag="899" ind1=" " ind2=" ">
    <subfield code="a">Biblioteca universitaria. Bologna</subfield>
    <subfield code="1">BO0098</subfield>
    <subfield code="2">UBO BU</subfield>
  </datafield>
  <datafield tag="899" ind1=" " ind2=" ">
    <subfield code="a">Biblioteca comunale dell&apos;Archiginnasio. Bologna</subfield>
    <subfield code="1">BO0304</subfield>
    <subfield code="2">UBO GA</subfield>
  </datafield>
  <datafield tag="899" ind1=" " ind2=" ">
    <subfield code="a">Biblioteca Patriarcale S. Domenico. Bologna</subfield>
    <subfield code="1">BO0333</subfield>
    <subfield code="2">ZBO 05</subfield>
  </datafield>
  <datafield tag="899" ind1=" " ind2=" ">
    <subfield code="a">Biblioteca del Convento dei cappuccini. Incoronata di Vasto</subfield>
    <subfield code="1">CH0119</subfield>
    <subfield code="2">PBE H2</subfield>
  </datafield>
  <datafield tag="899" ind1=" " ind2=" ">
    <subfield code="a">Biblioteca del Seminario vescovile. Como</subfield>
    <subfield code="1">CO0213</subfield>
    <subfield code="2">PBE 18</subfield>
  </datafield>
  <datafield tag="899" ind1=" " ind2=" ">
    <subfield code="a">Biblioteca Riccardiana. Firenze</subfield>
    <subfield code="1">FI0094</subfield>
    <subfield code="2">CFI RF</subfield>
  </datafield>
  <datafield tag="899" ind1=" " ind2=" ">
    <subfield code="a">Biblioteca nazionale centrale. Firenze</subfield>
    <subfield code="1">FI0098</subfield>
    <subfield code="2">CFI CF</subfield>
  </datafield>
  <datafield tag="899" ind1=" " ind2=" ">
    <subfield code="a">Biblioteca Mariana. Anagni</subfield>
    <subfield code="1">FR0005</subfield>
    <subfield code="2">PBE P4</subfield>
  </datafield>
  <datafield tag="899" ind1=" " ind2=" ">
    <subfield code="a">Biblioteca della Badia dei Benedettini di S. Andrea della Castagna. Genova</subfield>
    <subfield code="1">GE0031</subfield>
    <subfield code="2">ZGE 02</subfield>
  </datafield>
  <datafield tag="899" ind1=" " ind2=" ">
    <subfield code="a">Biblioteca statale. Lucca</subfield>
    <subfield code="1">LU0022</subfield>
    <subfield code="2">LUA BL</subfield>
  </datafield>
  <datafield tag="899" ind1=" " ind2=" ">
    <subfield code="a">Biblioteca comunale centrale. Milano</subfield>
    <subfield code="1">MI0162</subfield>
    <subfield code="2">LO1 01</subfield>
  </datafield>
  <datafield tag="899" ind1=" " ind2=" ">
    <subfield code="a">Biblioteca francescano-cappuccina provinciale. Milano</subfield>
    <subfield code="1">MI0183</subfield>
    <subfield code="2">ZMI 51</subfield>
  </datafield>
  <datafield tag="899" ind1=" " ind2=" ">
    <subfield code="a">Biblioteca nazionale Braidense. Milano</subfield>
    <subfield code="1">MI0185</subfield>
    <subfield code="2">MIL NB</subfield>
  </datafield>
  <datafield tag="899" ind1=" " ind2=" ">
    <subfield code="a">Biblioteca comunale Teresiana. Mantova</subfield>
    <subfield code="1">MN0035</subfield>
    <subfield code="2">LO1 12</subfield>
  </datafield>
  <datafield tag="899" ind1=" " ind2=" ">
    <subfield code="a">Biblioteca Estense Universitaria. Modena</subfield>
    <subfield code="1">MO0089</subfield>
    <subfield code="2">MOD BE</subfield>
  </datafield>
  <datafield tag="899" ind1=" " ind2=" ">
    <subfield code="a">Biblioteca nazionale Vittorio Emanuele III. Napoli</subfield>
    <subfield code="1">NA0079</subfield>
    <subfield code="2">NAP BN</subfield>
  </datafield>
  <datafield tag="899" ind1=" " ind2=" ">
    <subfield code="a">Biblioteca del Museo archeologico regionale. Palermo</subfield>
    <subfield code="1">PA0221</subfield>
    <subfield code="2">PAL 89</subfield>
  </datafield>
  <datafield tag="899" ind1=" " ind2=" ">
    <subfield code="a">Biblioteca del Collegio cardinale Giulio Alberoni. Piacenza</subfield>
    <subfield code="z">MUTILO</subfield>
    <subfield code="1">PC0032</subfield>
    <subfield code="2">PIA AB</subfield>
  </datafield>
  <datafield tag="899" ind1=" " ind2=" ">
    <subfield code="a">Biblioteca universitaria. Padova</subfield>
    <subfield code="1">PD0158</subfield>
    <subfield code="2">PUV 00</subfield>
  </datafield>
  <datafield tag="899" ind1=" " ind2=" ">
    <subfield code="a">Biblioteca Ludovico Jacobilli del Seminario vescovile. Foligno</subfield>
    <subfield code="1">PG0040</subfield>
    <subfield code="2">UM1 39</subfield>
  </datafield>
  <datafield tag="899" ind1=" " ind2=" ">
    <subfield code="a">Biblioteca comunale Augusta. Perugia</subfield>
    <subfield code="1">PG0109</subfield>
    <subfield code="2">UM1 01</subfield>
  </datafield>
  <datafield tag="899" ind1=" " ind2=" ">
    <subfield code="a">Biblioteca comunale Federiciana. Fano</subfield>
    <subfield code="z">MUTILO</subfield>
    <subfield code="1">PU0018</subfield>
    <subfield code="2">URB FN</subfield>
  </datafield>
  <datafield tag="899" ind1=" " ind2=" ">
    <subfield code="a">Biblioteca della collegiata S. Pietro Apostolo. Broni</subfield>
    <subfield code="1">PV0012</subfield>
    <subfield code="2">ZPV 05</subfield>
  </datafield>
  <datafield tag="899" ind1=" " ind2=" ">
    <subfield code="a">Biblioteca del Seminario vescovile. Pavia</subfield>
    <subfield code="1">PV0074</subfield>
    <subfield code="2">PAV R1</subfield>
  </datafield>
  <datafield tag="899" ind1=" " ind2=" ">
    <subfield code="a">Biblioteca del Collegio Ghislieri. Pavia</subfield>
    <subfield code="1">PV0079</subfield>
    <subfield code="2">PAV C2</subfield>
  </datafield>
  <datafield tag="899" ind1=" " ind2=" ">
    <subfield code="a">Biblioteca universitaria. Pavia</subfield>
    <subfield code="1">PV0291</subfield>
    <subfield code="2">MIL UP</subfield>
  </datafield>
  <datafield tag="899" ind1=" " ind2=" ">
    <subfield code="a">Biblioteca del Capitolo della Cattedrale. Reggio Emilia</subfield>
    <subfield code="1">RE0046</subfield>
    <subfield code="2">ZRE 01</subfield>
  </datafield>
  <datafield tag="899" ind1=" " ind2=" ">
    <subfield code="a">Biblioteca del Seminario vescovile. Reggio Emilia</subfield>
    <subfield code="1">RE0049</subfield>
    <subfield code="2">PBE 05</subfield>
  </datafield>
  <datafield tag="899" ind1=" " ind2=" ">
    <subfield code="a">Biblioteca nazionale centrale. Roma</subfield>
    <subfield code="1">RM0267</subfield>
    <subfield code="2">BVE CR</subfield>
  </datafield>
  <datafield tag="899" ind1=" " ind2=" ">
    <subfield code="a">Biblioteca universitaria Alessandrina. Roma</subfield>
    <subfield code="1">RM0280</subfield>
    <subfield code="2">RML 01</subfield>
  </datafield>
  <datafield tag="899" ind1=" " ind2=" ">
    <subfield code="a">Biblioteca Angelica. Roma</subfield>
    <subfield code="1">RM0290</subfield>
    <subfield code="2">RML 06</subfield>
  </datafield>
  <datafield tag="899" ind1=" " ind2=" ">
    <subfield code="a">Biblioteca Casanatense. Roma</subfield>
    <subfield code="1">RM0313</subfield>
    <subfield code="2">RML 07</subfield>
  </datafield>
  <datafield tag="899" ind1=" " ind2=" ">
    <subfield code="a">Biblioteca Hertziana. Roma</subfield>
    <subfield code="1">RM0724</subfield>
    <subfield code="2">ZRM 16</subfield>
  </datafield>
  <datafield tag="899" ind1=" " ind2=" ">
    <subfield code="a">Biblioteca comunale. Montepulciano</subfield>
    <subfield code="1">SI0024</subfield>
    <subfield code="2">RT1 QQ</subfield>
  </datafield>
  <datafield tag="899" ind1=" " ind2=" ">
    <subfield code="a">Biblioteca S. Bernardino. Siena</subfield>
    <subfield code="z">MUTILO</subfield>
    <subfield code="1">SI0079</subfield>
    <subfield code="2">ZSI 02</subfield>
  </datafield>
  <datafield tag="899" ind1=" " ind2=" ">
    <subfield code="a">Biblioteca storica della Provincia di Torino. Torino</subfield>
    <subfield code="1">TO0277</subfield>
    <subfield code="2">TO0 06</subfield>
  </datafield>
  <datafield tag="899" ind1=" " ind2=" ">
    <subfield code="a">Nuova biblioteca pubblica Luigi Fumi. Orvieto</subfield>
    <subfield code="1">TR0022</subfield>
    <subfield code="2">UM1 06</subfield>
  </datafield>
  <datafield tag="899" ind1=" " ind2=" ">
    <subfield code="a">Biblioteca comunale. Treviso</subfield>
    <subfield code="1">TV0114</subfield>
    <subfield code="2">VIA CT</subfield>
  </datafield>
  <datafield tag="899" ind1=" " ind2=" ">
    <subfield code="a">Biblioteca civica Vincenzo Joppi. Udine</subfield>
    <subfield code="1">UD0106</subfield>
    <subfield code="2">FVG 12</subfield>
  </datafield>
  <datafield tag="899" ind1=" " ind2=" ">
    <subfield code="a">Biblioteca del Seminario arcivescovile di Milano. Venegono Inferiore</subfield>
    <subfield code="1">VA0122</subfield>
    <subfield code="2">ZVA 04</subfield>
  </datafield>
  <datafield tag="899" ind1=" " ind2=" ">
    <subfield code="a">Biblioteca nazionale Marciana. Venezia</subfield>
    <subfield code="1">VE0049</subfield>
    <subfield code="2">VEA BM</subfield>
  </datafield>
  <datafield tag="899" ind1=" " ind2=" ">
    <subfield code="a">Biblioteca dell&apos;Istituto veneto di scienze, lettere ed arti. Venezia</subfield>
    <subfield code="1">VE0237</subfield>
    <subfield code="2">VEA IV</subfield>
  </datafield>
  <datafield tag="899" ind1=" " ind2=" ">
    <subfield code="a">Biblioteca civica Bertoliana. Vicenza</subfield>
    <subfield code="1">VI0096</subfield>
    <subfield code="2">VIA BE</subfield>
  </datafield>
  <datafield tag="899" ind1=" " ind2=" ">
    <subfield code="a">Biblioteca civica. Verona</subfield>
    <subfield code="1">VR0059</subfield>
    <subfield code="2">ZVR 02</subfield>
  </datafield>
</record>
</collection>
